@article{nemhauser1978analysis,
	title={An analysis of approximations for maximizing submodular set functions--I},
	author={Nemhauser, George L and Wolsey, Laurence A and Fisher, Marshall L},
	journal={Mathematical programming},
	volume={14},
	number={1},
	pages={265--294},
	year={1978},
	publisher={Springer}
}
 
@article{nemhauser1978best,
	title={Best algorithms for approximating the maximum of a submodular set function},
	author={Nemhauser, George L and Wolsey, Laurence A},
	journal={Mathematics of operations research},
	volume={3},
	number={3},
	pages={177--188},
	year={1978},
	publisher={INFORMS}
}

@article{feige1998threshold,
	title={A threshold of ln n for approximating set cover},
	author={Feige, Uriel},
	journal={Journal of the ACM (JACM)},
	volume={45},
	number={4},
	pages={634--652},
	year={1998},
	publisher={ACM}
}

@inproceedings{buchbinder2014submodular,
	title={Submodular maximization with cardinality constraints},
	author={Buchbinder, Niv and Feldman, Moran and Naor, Joseph Seffi and Schwartz, Roy},
	booktitle={Proceedings of the twenty-fifth annual ACM-SIAM symposium on Discrete algorithms},
	pages={1433--1452},
	year={2014},
	organization={Society for Industrial and Applied Mathematics}
}
